<?xml version="1.0" encoding="UTF-8"?><collection><record><leader>10537ntm a2200673 a 4500</leader><controlfield tag="001">006781944</controlfield><controlfield tag="003">MiAaHDL</controlfield><controlfield tag="005">20190719000000.0</controlfield><controlfield tag="006">m        d        </controlfield><controlfield tag="007">cr bn ---auaua</controlfield><controlfield tag="008">090518q17901825xx            00| ||ara d</controlfield><datafield tag="035" ind1=" " ind2=" "><subfield code="a">(MiU)006781944</subfield></datafield><datafield tag="035" ind1=" " ind2=" "><subfield code="a">sdr-miu006781944</subfield></datafield><datafield tag="040" ind1=" " ind2=" "><subfield code="a">MiU</subfield><subfield code="c">MiU</subfield><subfield code="e">amremm</subfield></datafield><datafield tag="043" ind1=" " ind2=" "><subfield code="a">n-us-mi</subfield></datafield><datafield tag="100" ind1="1" ind2=" "><subfield code="6">880-01</subfield><subfield code="a">Qārī al-Harawī, ʻAlī ibn Sulṭān Muḥammad,</subfield><subfield code="d">-1605 or 1606.</subfield></datafield><datafield tag="245" ind1="1" ind2="3"><subfield code="6">880-03</subfield><subfield code="a">[al-Ḥizb al-aʻẓam wa-al-wird al-afkham wa-bi-hāmishih al-Ḥiṣn al-ḥaṣīn min kalām Sayyid al-mursalīn,</subfield><subfield code="f">late 18th or early 19th century?].</subfield></datafield><datafield tag="260" ind1=" " ind2=" "><subfield code="c">[1790-1825?].</subfield></datafield><datafield tag="300" ind1=" " ind2=" "><subfield code="a">92 leaves :</subfield><subfield code="b">paper ;</subfield><subfield code="c">180 x 125 (87-148 x 46-80) mm.</subfield></datafield><datafield tag="500" ind1=" " ind2=" "><subfield code="a">Shelfmark: Ann Arbor, University of Michigan, Special Collections Library, Isl. Ms. 522</subfield></datafield><datafield tag="500" ind1=" " ind2=" "><subfield code="a">Origin: As appears in colophons on p.183 and p.184, both texts copied by Muḥammad Darwīsh al-Āmidi (Mehmet Derviș el-Amidî), known as al-Ḥājj Darwīshʻzādah (Hacı Dervişzade) though date of transcription is not specified. Paper suggests early 19th century.</subfield></datafield><datafield tag="500" ind1=" " ind2=" "><subfield code="a">Accompanying materials: a. Two inventory cataloguing slips in hand of Winifred Smeaton Thomas. -- b. Acquisitions slip from Yahuda.</subfield></datafield><datafield tag="500" ind1=" " ind2=" "><subfield code="a">Former shelfmark: From inner front cover and spine label, "IL 100" (likely supplied by Yahuda, see acquisitions slip).</subfield></datafield><datafield tag="500" ind1=" " ind2=" "><subfield code="a">Binding: Pasteboards covered in dark red-brown to black leather ; Type II binding (with flap) ; board linings in blue-tinted paper ; doublure hinges in decorative paper (black with vegetal design in orange) ; upper and lower covers carry gold-stamped central mandorla (filled with vegetal decoration) , pendants and cornerpieces with accents in numerous blind-tooled rosettes and gold-tooled guilloché roll border ; sewn in golden yellow thread, four stations ; only traces of primaries remain at head, endbands otherwise gone ; overall in fair to poor condition with abrasion, lifting and losses of gold leaf, leather and board linings, etc. ; repairs to spine and foreedge flap in dark brown leather.</subfield></datafield><datafield tag="500" ind1=" " ind2=" "><subfield code="a">Support: European laid paper with 13 laid lines per cm. (horizontal), chain lines spaced 27 mm. apart (vertical), and watermarks including lion passant guardant (see p.156, etc.) and "G A" [or "V G" ?] (compare nos. 986, 987, etc. in Eineder, The ancient paper-mills) ; beige or dark cream in color, heavily burnished to glossy, thin and transluscent though quite sturdy ; some moisture damage with loss of text (see p.76, etc.).</subfield></datafield><datafield tag="500" ind1=" " ind2=" "><subfield code="a">Decoration: Illuminated headpieces (ʻunwān / sarlawḥ) at openings on p.2 for al-Ḥizb al-aʻẓam and excerpt from ʻUddat al-Ḥiṣn al-ḥaṣīn (in margin) as well as at opening on p.4 for text of al-Ḥiṣn al-ḥaṣīn (in margin) ; all consisting of w-shaped piece [al-Ḥizb al-aʻẓam/al-Ḥiṣn al-ḥaṣīn] or scalloped semi-circular piece (dome) [excerpt from ʻUddat al-Ḥiṣn al-ḥaṣīn] filled with simple floral vegetal decoration in gold, orange, pink, and red on fields of light blue, pink, green-blue and orange set in wells of yellow, green-blue, or pink with red or black accents, surmounting gold rectangular pieces carrying the titles in white (now mainly lost), and themselves surmounted by vertical stalks (tīgh) in red and black ; central written area surrounded by gold frame, margins also outlined by gold rules ; use of gold cloud-bands in central written area on incipit and facing page ; textual dividers in the form of gold discs (central written area and margins) ; keywords, section headings, and abbreviation symbols rubricated.</subfield></datafield><datafield tag="500" ind1=" " ind2=" "><subfield code="a">Script: Naskh ; elegant Ottoman hand ; virtually serifless with very slight effect of tilt to the left, rounded with curvilinear descenders, rightward descenders tapered, fully vocalized.</subfield></datafield><datafield tag="500" ind1=" " ind2=" "><subfield code="a">Layout: Written in 37 lines per page with central written area carrying 11 lines of al-Ḥizb al-aʻẓam and 26 lines of al-Ḥiṣn al-ḥaṣīn on the diagonal in the margins (13 upper-outer, 13 outer-lower) ; frame-ruled.</subfield></datafield><datafield tag="500" ind1=" " ind2=" "><subfield code="a">Collation: 8 V(80), 2 III(92) ; almost exclusively quinions ; catchwords present for text of main written area ; text of margins lacks proper catchwords but last word of final line on the verso of each leaf is usually repeated at the beginning of the first line on the following recto ; pagination in pencil, Western numerals, supplied during digitization.</subfield></datafield><datafield tag="500" ind1=" " ind2=" "><subfield code="a">Colophon: [al-Ḥiṣn al-ḥaṣīn] "تمت الحصن الحصين بعون الله وتوفيقه عن يد اضعف العباد السيد محمد درويش الامدى الشهير بالحج درويش زاده غفر الله له ولوالديه ولاقربائه ولجميع المؤمنين والمؤمنات الاحياء منهم والاموات" ; [al-Ḥizb al-aʻẓam] "قد تم الحزب الاعظم عن يد اضعف العباد السيد محمد درويش الامدى غفر الله له ولوالديه ولاقربائه ولجميع المؤمنين والمؤمنات والمسلمين والمسلمات"</subfield></datafield><datafield tag="500" ind1=" " ind2=" "><subfield code="a">Explicit: [al-Ḥiṣn al-ḥaṣīn] "ولا يدفعه سواك اللهم فرج عنا يا كريم يا ارحم الراحمين والحمد لله رب العالمين" ; [al-Ḥizb al-aʻẓam] "اللهم صل على سيدنا محمد عبدك ورسولك النبي الامي الذي آمن بك وبكتابك واعطه افضل رحمتك واته الشرف على على [كذا] خلقك يوم القيامة واجزه خير الجزاء والسلام عليه ورحمة الله وبركاته سبحان ربك رب العزة عما يصفون وسلام على المرسلين والحمد لله رب العالمين م م م"</subfield></datafield><datafield tag="500" ind1=" " ind2=" "><subfield code="a">Incipit: [al-Ḥizb al-aʻẓam] "الحمد لله الذي دعانا للايمان وهدانا بالقرآن واجاب دعوتنا بالفضل والاحسان ... اما بعد فيقول العبد الداعي الراجي مغفرة ربه الباري علي بن سلطان محمد القاري ستر عيوبهما وغفر ذنوبهما لما رايت بعض السالكين يتعلقون باوراد المشياخ المعتبرين ... فخطر ببالي ان اجمع الدعوات الماثورة في الاحاديث المنشورة ...وهذا الجمع الذي هو معدن الدعاء ... وسميته الحزب الاعظم والورد الافخم لانتسابه واستناده الى الرسول الاكرم ..." ; [excerpt from ʻUddat al-Ḥiṣn al-ḥaṣīn] "الحمد لله رب العالمين ربنا اتنا من لدنك رحمة انك انت الوهاب قال الشيخ الامام ... شهاب الدين احمد بن علي بن حجر العسقلاني الشافعي المصري قال صاحب الشيخ الامام ... تاج القراء " ; [al-Ḥiṣn al-ḥaṣīn] "قال الشيخ الامام العالم العلامة ... شمس الدين محمد بن الشيخ شمس الدين محمد بن محمد الجزري فسح الله تعالى في مدته واعاد علينا وعلى المسلمين من بركته اما بعد حمد الله الذي جعل الدعاء لرد القضاء ... فان هذا الحصن الحصين من كلام سيد المرسلين وسلاح المؤمنين من خزانة النبي الامين والهيكل العظيم من قول الرسول الكريم ... واخرجته من الاحاديث الصحيحة ابرزته عدة عن كل شدة ... وقد رمزت للكتب التي خرجت منها هذه الاحاديث بحروف تدل على ذلك ..."</subfield></datafield><datafield tag="500" ind1=" " ind2=" "><subfield code="a">Title supplied by cataloguer from inscription on interior of upper cover and openings for each work.</subfield></datafield><datafield tag="500" ind1=" " ind2=" "><subfield code="a">Ms. codex.</subfield></datafield><datafield tag="505" ind1="0" ind2=" "><subfield code="a">4. p.183-p.184 : [prayer].</subfield></datafield><datafield tag="505" ind1="0" ind2=" "><subfield code="a">3. p.4-p.183 : al-Ḥiṣn al-ḥaṣīn min kalām sayyid al-mursalīn / Muḥammad ibn Muḥammad al-Jazarī.</subfield></datafield><datafield tag="505" ind1="0" ind2=" "><subfield code="a">2. p.2-p.3 : [excerpt from ʻUddat al-Ḥiṣn al-ḥaṣīn] / Muḥammad ibn Muḥammad al-Jazarī</subfield></datafield><datafield tag="505" ind1="0" ind2=" "><subfield code="a">1. p.2-p.184 : al-Ḥizb al-aʻẓam wa-al-wird al-afkham / ʻAlī ibn Sulṭān Muḥammad al-Qārī al-Harawī.</subfield></datafield><datafield tag="510" ind1="4" ind2=" "><subfield code="a">Eineder, Georg. The ancient paper-mills of the former Austro-Hungarian Empire and their watermarks. Hilversum, Holland: Paper Publications Society, 1960.</subfield></datafield><datafield tag="510" ind1="4" ind2=" "><subfield code="a">Brockelmann, C. GAL,</subfield><subfield code="c">II 203 no. 19 ; II 396 no.51</subfield></datafield><datafield tag="520" ind1="8" ind2=" "><subfield code="a">Elegant prayerbook containing al-Qārī al-Harawī's (d.1605) al-Ḥizb al-aʻẓam wa-al-wird al-afkham with Ibn al-Jazarī's (d.833/1429) al-Ḥiṣn al-ḥaṣīn min kalām Sayyid al-mursalīn, a collection of ḥadīth employed in prayer, in the margins. al-Ḥiṣn al-ḥaṣīn is preceded by an excerpt from the author's abrigdment ʻUddat al-Ḥiṣn al-ḥaṣīn (pp.2-3) and followed by an additional prayer (pp.183-184).</subfield></datafield><datafield tag="538" ind1=" " ind2=" "><subfield code="a">Mode of access: Internet.</subfield></datafield><datafield tag="541" ind1=" " ind2=" "><subfield code="a">Acquired in 1926 from the bookseller Isaac Benjamin S.E. Yahuda via purchase transacted on his behalf by Abraham Shalom Yahuda (1877-1951), his younger brother.</subfield></datafield><datafield tag="546" ind1=" " ind2=" "><subfield code="a">Arabic.</subfield></datafield><datafield tag="561" ind1=" " ind2=" "><subfield code="a">Fairly clean copy.</subfield></datafield><datafield tag="600" ind1="0" ind2="0"><subfield code="a">Muḥammad,</subfield><subfield code="c">Prophet,</subfield><subfield code="d">-632</subfield><subfield code="v">Early works to 1800.</subfield></datafield><datafield tag="650" ind1=" " ind2="0"><subfield code="a">Manuscripts, Arabic</subfield><subfield code="z">Michigan</subfield><subfield code="z">Ann Arbor.</subfield></datafield><datafield tag="650" ind1=" " ind2="0"><subfield code="a">Hadith</subfield><subfield code="v">Early works to 1800.</subfield></datafield><datafield tag="650" ind1=" " ind2="0"><subfield code="a">Islam</subfield><subfield code="v">Prayers and devotions</subfield><subfield code="v">Early works to 1800.</subfield></datafield><datafield tag="655" ind1=" " ind2="7"><subfield code="a">Headpieces (layout features)</subfield><subfield code="y">18th century.</subfield><subfield code="2">aat</subfield></datafield><datafield tag="700" ind1="0" ind2=" "><subfield code="6">880-06</subfield><subfield code="a">Mehmet Derviş el-Amidî,</subfield><subfield code="e">scribe.</subfield></datafield><datafield tag="700" ind1="1" ind2="2"><subfield code="6">880-05</subfield><subfield code="a">Ibn al-Jazarī, Muḥammad ibn Muḥammad,</subfield><subfield code="d">1350-1429.</subfield><subfield code="t">ʻUddat al-Ḥiṣn al-ḥaṣīn.</subfield><subfield code="k">Selections.</subfield></datafield><datafield tag="700" ind1="1" ind2="2"><subfield code="6">880-04</subfield><subfield code="a">Ibn al-Jazarī, Muḥammad ibn Muḥammad,</subfield><subfield code="d">1350-1429.</subfield><subfield code="t">Ḥiṣn al-ḥaṣīn.</subfield></datafield><datafield tag="773" ind1="0" ind2=" "><subfield code="a">Yahuda Collection.</subfield></datafield><datafield tag="880" ind1="0" ind2=" "><subfield code="6">700-06/</subfield><subfield code="a">محمد درويش الآمدى،</subfield><subfield code="e">ناسخ.</subfield></datafield><datafield tag="880" ind1="1" ind2="2"><subfield code="6">700-05/</subfield><subfield code="a">ابن الجزري، محمد بن محمد.</subfield><subfield code="t">عدة الحصن الحصين.</subfield><subfield code="k">مختارات.</subfield></datafield><datafield tag="880" ind1="1" ind2="2"><subfield code="6">700-04/</subfield><subfield code="a">ابن الجزري، محمد بن محمد.</subfield><subfield code="t">حصن الحصين.</subfield></datafield><datafield tag="880" ind1="1" ind2="2"><subfield code="6">245-03/</subfield><subfield code="a">[الحزب الاعظم والورد الافخم وبهامشه الحصن الحصين من كلام سيد المرسلين,</subfield><subfield code="f">اوائل القرن 19م؟].</subfield></datafield><datafield tag="880" ind1="1" ind2=" "><subfield code="6">100-01/</subfield><subfield code="a">قارى الهروي، علي بن سلطان محمد.</subfield></datafield><datafield tag="CID" ind1=" " ind2=" "><subfield code="a">006781944</subfield></datafield><datafield tag="DAT" ind1="0" ind2=" "><subfield code="a">20190719102635.0</subfield><subfield code="b">20190719000000.0</subfield></datafield><datafield tag="DAT" ind1="1" ind2=" "><subfield code="a">20190719090653.0</subfield><subfield code="b">2019-07-19T16:11:27Z</subfield></datafield><datafield tag="DAT" ind1="2" ind2=" "><subfield code="a">2015-10-02T18:00:03Z</subfield></datafield><datafield tag="CAT" ind1=" " ind2=" "><subfield code="a">SDR-MIU</subfield><subfield code="d">EX LIBRIS - ALEPH</subfield><subfield code="l">prepare.pl-004-008</subfield></datafield><datafield tag="FMT" ind1=" " ind2=" "><subfield code="a">BK</subfield></datafield><datafield tag="HOL" ind1=" " ind2=" "><subfield code="0">sdr-miu006781944</subfield><subfield code="a">MiU</subfield><subfield code="b">SDR</subfield><subfield code="c">MIU</subfield><subfield code="p">mdp.39015079125632</subfield><subfield code="s">MIU</subfield><subfield code="1">006781944</subfield></datafield><datafield tag="974" ind1=" " ind2=" "><subfield code="b">MIU</subfield><subfield code="c">MIU</subfield><subfield code="d">20190719</subfield><subfield code="s">lit-dlps-dc</subfield><subfield code="u">mdp.39015079125632</subfield><subfield code="y">1825</subfield><subfield code="r">pd</subfield><subfield code="q">bib</subfield><subfield code="t">non-US bib date2 &lt; 1896</subfield></datafield></record></collection>